@string{ijprai = {International Journal of Pattern Recognition and Artificial Intelligence}}
@string{icslp = {International Conference on Spoken Language Processing}}
@string{IEEE_J_PAMI = {IEEE Trans. on Pattern Analysis and Machine Intelligence}}

@InProceedings{gordo08,
  author = 	 {Albert Gordo and David Llorens and Andr{\'e}s Marzal and Federico Prat and Juan Miguel Vilar},
  title = 	 {{STATE}: A Multimodal Assisted Text-Transcription System for Ancient Documents},
  booktitle =    {The Eighth IAPR Workshop on Document Analysis Systems},
  year = 	 2008,
  address = 	 {Nara, Japan},
  COMMENTEDmonth = 	 sep,
  pages =        {135--142}
}

@Article{marti02,
  author =	"U.-V. Marti and H. Bunke",
  title =	"The {IAM}-database: an {E}nglish sentence database for
		 offline handwriting recognition",
  journal =	"Journal on Document Analysis and Recognition",
  volume =	"5",
  year = 	"2002",
  pages =	"39--46",
}

@Misc{gamera,
  author = 	 {M. Droettboom and R. Ferguson and I. Fujinaga},
  title = 	 {{Gamera}},
  howpublished = {{\small{\url{http://ldp.library.jhu.edu/projects/gamera}}}},
  year = 	 2007
}

@Misc{metae,
  author = 	 {{METAe}},
  title = 	 {{The Metadata Engine Project}},
  howpublished = {{\small{\url{http://meta-e.aib.uni-linz.ac.at}}}},
  year = 	 2003}

@InCollection{sakoe90,
  author = 	 {{H. Sakoe}},
  title = 	 {{Two-Level DP-Matching---A Dynamic Programming-Based
                  Pattern Matching Algorithm for Connected Word Recognition}},
  booktitle = 	 {Readings in Speech Processing},
  pages = 	 {180--187},
  publisher = {Morgan Kaufmann Publishers},
  year = 	 1990,
  editor = 	 {A. Waibel and K.F. Lee}}

@Article{sakoechiba78,
  title={Dynamic programming algorithm optimization for spoken word recognition},
  author={Sakoe, H. and Chiba, S.},
  journal={IEEE Trans. on Acoustics, Speech and Signal Processing},
  year={1978},
  COMMENTEDmonth=feb,
  volume={26},
  number={1},
  pages={43--49},
  ISSN={0096-3518}
}

@Booklet{estilo,
  title = 	 {Las leyes del estilo, y declaraciones sobre las leyes del fuero},
  author = 	 {Anonymous},
  howpublished = {Available at the ``Arxiu General'', Universitat Jaume I},
  address = 	 {Published ``En Salamanca, en casa de Juan Baptista de Terranoua'', Spain},
  year = 	 1569}

@Article{debora,
  author = 	 {F. Le Bourgeois and H. Emptoz},
  title = 	 {{DEBORA: Digital AccEss to BOoks of the RenAissance}},
  journal = 	 {International Journal on Document Analysis and Recognition},
  year = 	 2007,
  volume = 	 9,
  number = 	 {2-4},
  pages = 	 {193--221}}

@InProceedings{pmmr07,
  author = 	 {F. Prat and A. Marzal and S. Martín and R. Ramos-Garijo},
  title = 	 {A two-stage template-based recognition engine for on-line handwritten characters},
  booktitle = 	 {Proc. of the Asia-Pacific Workshop 2007 on Visual Information Processing},
  address =      {Tainan, Taiwan},
  pages = 	 {77--82},
  year = 	 2007,
}

@Article{prat09,
  author = 	 {Federico Prat and Andrés Marzal and Sergio Martín and Rafael Ramos-Garijo
                  and María José Castro},
  title = 	 {A Template-based Recognition System for On-line Handwritten Characters},
  journal = 	 {Journal of Information Science and Engineering},
  COMMENTEDmonth =        may,
  volume =       {25},
  number =       {3}, 
  pages = 	 {779--791},
  year = 	 2009
}

%%% -----------------------------------------

@Misc{dotnet,
  author = 	 {{Microsoft Corporation}},
  title = 	 {{.NET Framework Development Center}},
  howpublished = {{\small{\url{http://msdn2.microsoft.com/netframework}}}}
}

@Article{kdtree,
  author = 	 {J.L. Bentley},
  title = 	 {{Multidimensional Binary Search Trees Used for Associative Searching}},
  journal = 	 {Communications of the ACM},
  year = 	 1975,
  volume = 	 18,
  number = 	 9,
  pages = 	 {509--517}}

@InProceedings{bunkekeynote03,
  Author =	 {Horst Bunke},
  Title =	 {{Recognition of Cursive Roman Handwriting -- Past,
                  Present and Future}},
  booktitle =	 {7th International Conference on Document Analysis
                  and Recognition (ICDAR 2003)},
  OPTpages =	 {448--459},
  COMMENTEDmonth =	 aug,
  address =	 {Edinburgh, Scotland},
  Year =	 2003,
}

@TechReport{htk1993,
  author =	 {S. J. Young and P. C. Woodland and W. J. Byrne},
  title =	 {{HTK: Hidden Markov Model Toolkit V1.5}},
  institution =	 {Cambridge University Engineering Department Speech
                  Group and Entropic Research Laboratories Inc.},
  year =	 1993,
}

@TechReport{lobcorpus,
  author =	 {S. Johansson and E. Atwell and R. Garside and
                  G. Leech},
  title =	 {{The Tagged LOB Corpus: User's Manual}},
  publisher =	 {Norwegian Computing Centre for the Humanities,
                  Bergen, Norway},
  OPTpages =	 149,
  year =	 1986,
}


@InProceedings{2008:pris:gorbe,
  author =	 {J. Gorbe-Moya and S. Espa{\~n}a-Boquera and
                  F. Zamora-Mart{\'\i}nez and M. J. Castro-Bleda},
  title =	 {{Handwritten Text Normalization by using Local
                  Extrema Classification}},
  booktitle =	 {Proc. 8th International Workshop on
                  Pattern Recognition in Information Systems},
  OPTbooktitle =	 {Pattern Recognition in Information Systems:
                  Proceedings of the 8th International Workshop on
                  Pattern Recognition in Information Systems (PRIS
                  2008)},
  pages =	 {164--172},
  year =	 2008,
  OPTeditor =	 {Alfons Juan-C{\'\i}scar and Gemma
                  S{\'a}nchez-Albaladejo},
  address =	 {Barcelona, Spain},
  OPTmonth =	 jun,
  OPTpublisher = {INSTICC PRESS},
  OPTnote =	 {ISBN: 978-989-8111-42-5},
  OPTnote =	 {In conjunction with ICEIS 2008},
}

@Article{toselli2004,
  author =	 {A. H. Toselli and A. Juan and J. Gonz{\'a}lez and
                  I. Salvador and E. Vidal and F. Casacuberta and
                  D. Keysers and {H. Ney}},
  title =	 {{Integrated Handwriting Recognition and
                  Interpretation using Finite-State Models}},
  journal =	 ijprai,
  volume =	 18,
  number =	 4,
  pages =	 {519--539},
  year =	 2004,
}

@Article{vinciarelli04,
  author =	 {Alessandro Vinciarelli and Samy Bengio and Horst
                  Bunke},
  title =	 {{Offline Recognition of Unconstrained Handwritten
                  Texts Using HMMs and Statistical Language Models}},
  journal =	 IEEE_J_PAMI,
  year =	 2004,
  volume =	 26,
  number =	 6,
  pages =	 {709--720},
  OPTCOMMENTEDmonth =	 jun,
}

@InProceedings{stolcke02,
  author =	 "A. Stolcke",
  title =	 {{SRILM: an extensible language modeling toolkit}},
 booktitle =	 "Proceedings of the Int. Conf. on Spoken Language
                  Processing",
  year =	 2002,
  pages =	 {901--904},
}

%%% ====================================================================

@Misc{repository,
  author = 	 {Arthur Asuncion and David Newman},
  title = 	 {{UCI Machine Learning Repository}},
  howpublished = {{\small{\url{http://www.ics.uci.edu/~mlearn/MLRepository.html}}}},
  year = 	 2007,
  institution =  {University of California, Irvine, School of Information and Computer Sciences}
}

@Misc{ujipenchars,
  author = 	 {D. Llorens and F. Prat and A. Marzal and J.~M. Vilar},
  title = 	 {{UJIpenchars: A Pen-Based Classification Task for
                 Isolated Handwritten Characters}},
  howpublished = {Data set available as {UJI Pen Characters} at \cite{repository}},
  year = 	 2007,
  COMMENTEDmonth = 	 jun
}

@Misc{ujipenchars2,
  author = 	 {F. Prat and M. J. Castro and D. Llorens and A. Marzal and J.~M. Vilar},
  title = 	 {{UJIpenchars2: A Pen-Based Database with More Than 11K
                 Isolated Handwritten Characters}},
  howpublished = {Data set available as {UJI Pen Characters (Version~2)} at \cite{repository}},
  year = 	 2008,
  COMMENTEDmonth = 	 dec
}

@Misc{pendigits,
  author = 	 {E. Alpayd{\i{}}n and F. Alimo{\u{g}}lu},
  title = 	 {{Pen-Based Recognition of Handwritten Digits} (Original, Unnormalized Version)},
  howpublished = {Data set available at \cite{repository}},
  year = 	 1998,
  COMMENTEDmonth = 	 sep
}

@Misc{upformat,
  author = 	 {Isabelle Guyon},
  title = 	 {{UNIPEN~1.0 Format Definition}},
  howpublished = {{\small{\url{http://unipen.nici.ru.nl/unipen.def}}}},
  year = 	 1994,
  institution =  {{AT&T} Bell Laboratories}
}

@InCollection{andorra,
  author = 	 {Rafael Ramos-Garijo and Sergio Mart{\'\i}n and Andr{\'e}s Marzal and
                 Federico Prat and Juan Miguel Vilar and David Llorens},
  title = 	 {An Input Panel and Recognition Engine for On-Line Handwritten Text Recognition},
  booktitle = 	 {Artificial Intelligence Research and Development},
  pages =	 {223--232},
  publisher =	 {{IOS} Press},
  year =	 2007,
  editor =	 {Cecilio Angulo and Llu{\'\i}s Godo},
  volume =	 163,
  series =	 {Frontiers in Artificial Intelligence and Applications}
}

%%% -----------------------------------------

@InProceedings{unipen,
  author = 	 {Isabelle Guyon and Lambert Schomaker and R{\'e}jean Plamondon and
                  Mark Liberman and Stan Janet},
  title = 	 {{UNIPEN} Project of On-Line Data Exchange and Recognizer 
                 Benchmarks},
  booktitle =    {Proc. of the 12th IAPR International Conference on Pattern Recognition},
  pages = 	 {29--33},
  year = 	 1994,
  COMMENTEDmonth = 	 oct,
  address = 	 {Jerusalem, Israel}
}

@InProceedings{ironoff,
  author =       {Christian Viard-Gaudin and Pierre Michel Lallican and Stefan Knerr and
                 Philippe Binter},
  title = 	 {The {IRESTE On/Off (IRONOFF)} Dual Handwriting Database},
  booktitle = 	 {Proc. of the Fifth International Conference on Document Analysis and Recognition},
  pages = 	 {455--458},
  year = 	 1999,
  COMMENTEDmonth =	 sep,
  address =      {Bangalore, India}
}

@Article{survey,
  author = 	 {R{\'e}jean Plamondon and Sargur N. Srihari},
  title = 	 {On-Line and Off-Line Handwriting Recognition: A Comprehensive Survey},
  journal = 	 {IEEE Trans. on Pattern Analysis and Machine Intelligence},
  year = 	 2000,
  volume =	 22,
  number =	 1,
  pages =	 {63--84},
  COMMENTEDmonth =	 jan
}

@INPROCEEDINGS{Blumenstein98aneural,
    author = {M. Blumenstein and B. Verma},
    title = {A Neural Based Segmentation and Recognition Technique for Handwritten Words},
    booktitle = {The 1998 IEEE International Joint Conference on Neural Networks Proceedings},
    address = {Anchorage, Alaska, USA},
    year = {1998},
    volume = {3},
    pages = {1738--1742}
}

@inproceedings{lecun-90c,
	author  =       "LeCun, Y. and Boser, B.  and Denker, J. S. and Henderson, D. and Howard, R. E. and Hubbard, W. and Jackel,  L. D.",
	title   =       "Handwritten digit recognition with a back-propagation network",
	booktitle=      "Advances in Neural Information Processing Systems 2 (NIPS*89)", 
	address =       "Denver, Colorado, USA", 
	year    =       "1990",
	editor  =       "Touretzky, David",
	publisher=      "Morgan Kaufman"
}

@inproceedings{matan-90,
	author  =	"Matan, O. and Kiang, R. K. and Stenard, C. E. and Boser, B. and Denker, J. S. and Henderson, D. and Howard, R. E. and Hubbard, W. and Jackel, L. D. and LeCun, Y.",
	booktitle =	"Proc. of the 4th US Postal Service Advanced Technology Conference",    
	title=		"Handwritten character recognition using neural network architectures",
	address=	"Washington D.C., USA",
	year =		"1990",
	COMMENTEDmonth =		nov
}

@inproceedings{jackel-95,
	author  =       "Jackel, L. and Battista, M. and Baird, H. and Ben, J. and Bromley, J. and Burges, C. and Cosatto, E. and Denker, J. and Graf, H. and Katseff, H. and LeCun, Y. and Nohl, C. and Sackinger, E. and Shamilian, J. and Shoemaker, T. and Stenard, C. and Strom, I. and Ting, R. and Wood, T. and Zuraw, C.",
	title   =       "Neural-Net Applications in Character Recognition and Document Analysis",
	booktitle=      "Neural-Net Applications in Telecommunications",
	year    =       "1995",
	publisher=      "Kluwer Academic Publishers",
}

@article{ gader97neural,
	author = {Paul D. Gader and James M. Keller and Raghu Krishnapuram and Jung-Hsien Chiang and Magdi A. Mohamed},
	title = {Neural and Fuzzy Methods in Handwriting Recognition},
	journal ={Computer},
	volume = {30},
	number = {2},
	issn = {0018-9162},
	year = {1997},
	pages = {79-86},
	doi = {{\small{\url{http://doi.ieeecomputersociety.org/10.1109/2.566164}}}},
	publisher = {IEEE Computer Society},
	address = {Los Alamitos, CA, USA},
}

@article{Oh02classmodular,
	title = "A class-modular feedforward neural network for handwriting recognition",
	journal = "Pattern Recognition",
	volume = "35",
	number = "1",
	pages = "229 - 244",
	year = "2002",
	note = "",
	issn = "0031-3203",
	doi = "DOI: 10.1016/S0031-3203(00)00181-3",
	url = "{\small{\url{http://www.sciencedirect.com/science/article/B6V14-4477X94-P/2/b11d5073d65a95041f227deeb9b9292f}}}",
	author = "Il-Seok Oh and Ching Y. Suen",
	keywords = "Character recognition",
	keywords = "Feedforward neural network",
	keywords = "Class modularity",
	keywords = "Large-set classification"
}

@InProceedings{2008:lrec:llorens,
  author =    {D. Llorens and F. Prat and A. Marzal and J.~M. Vilar
                  and M.~J. Castro and J.~C. Amengual and S. Barrachina
                  and A. Castellanos and S. Espa{\~n}a and J.~A. G{\'o}mez
                  and J. Gorbe and A. Gordo and V. Palaz{\'o}n and
                  G. Peris and R. Ramos-Garijo and F. Zamora},
  booktitle =    {Proceedings of the 6th International Conference on
                  Language Resources and Evaluation (LREC 2008)},
  title =    {{The UJIpenchars Database: A Pen-Based Database of
                  Isolated Handwritten Characters}},
  year =    2008,
  address =    {Marrakech, Morocco},
  COMMENTEDmonth =    may,
  date =    {28-30},
  COMMENTEDorganization = {European Language Resources Association (ELRA)},
  OPTnote =    {ISBN: 2-9517408-4-0}
}

@Article{zhang05,
  author = 	 {J. Zhang and S. Z. Li},
  title = 	 {Adaptive nonlinear auto-associative modeling through manifold learning},
  journal = 	 {Lecture Notes in Computer Science},
  year = 	 2005,
  volume = 	 3518,
  pages = 	 {599--604}
}

@Article{spillman06,
  author = 	 {B. Spillmann and M. Neuhaus and H. Bunke and E. P\k{e}kalska and R. P. W. Duin},
  title = 	 {Transforming strings to vector spaces using prototype selection},
  journal = 	 {Lecture Notes in Computer Science},
  year = 	 2006,
  volume = 	 4106,
  pages = 	 {287--296}}

@Book{bishop95,
  author = 	 {C. M. Bishop},
  title = 	 {Neural networks for pattern recognition},
  publisher = 	 {Oxford University Press},
  year = 	 1995}

@Article{bellili03,
  author    = {A. Bellili and
               M. Gilloux and
               P. Gallinari},
  title     = {An {MLP-SVM} combination architecture for offline handwritten
               digit recognition},
  journal   = {International Journal on Document Analysis and Recognition},
  volume    = {5},
  number    = {4},
  year      = {2003},
  pages     = {244--252}
}

@InProceedings{dunne97,
  author = 	 {Dunne, R.~A. and Campbell, N.~A.},
  title = 	 {On the pairing of the softmax activation and cross-entropy penalty functions
                  and the derivation of the softmax activation function},
  booktitle = 	 {Proceedings of the Eighth Australasian Conference on Neural Networks},
  pages =	 {181--185},
  year =	 1997,
  address =	 {Melbourne, Australia}
}

@Article{espana07,
  author = {S. Espa{\~n}a-Boquera and F. Zamora-Mart{\'\i}nez
                  and M.~J. Castro-Bleda and J. Gorbe-Moya},
  title = {Efficient {BP} Algorithms for General Feedforward
                  Neural Networks},
  pages = {327--336},
  year = 2007,
  journal = {Lecture Notes in Computer Science}
}

@Book{rojas96,
  author =	 {Ra{\'u}l Rojas},
  title = 	 {Neural Networks: A Systematic Introduction},
  publisher = 	 {Springer},
  year = 	 1996
}

